<?xml version="1.0" encoding="UTF-8"?><collection xmlns="http://www.loc.gov/MARC21/slim"><record><leader>00385nam--2200145-i-4500</leader><controlfield tag="001">000004746</controlfield><controlfield tag="002">20161230</controlfield><controlfield tag="005">20170305194204</controlfield><controlfield tag="008">060222s1000------------r-----000-0-eng-d</controlfield><datafield ind1=" " ind2=" " tag="100"><subfield code="a">Capez, Claude Et Maurice</subfield></datafield><datafield ind1=" " ind2=" " tag="245"><subfield code="a">Pierre et Marie Curie</subfield></datafield><datafield ind1=" " ind2=" " tag="260"><subfield code="a">Monaco</subfield><subfield code="b">Editions Les Flots Bleus</subfield><subfield code="c">1956</subfield></datafield><datafield ind1=" " ind2=" " tag="300"><subfield code="a">187 p</subfield></datafield><datafield ind1=" " ind2=" " tag="490"><subfield code="a">Collection Vie Et Symbole</subfield></datafield><datafield ind1=" " ind2=" " tag="CAT"><subfield code="a">SYS</subfield><subfield code="c">20170305</subfield><subfield code="h">194204</subfield></datafield></record></collection>